@article{gericke2003disorder,
  title={Disorder-induced heating of ultracold plasmas},
  author={Gericke, DO and Murillo, MS},
  journal={Contributions to Plasma Physics},
  volume={43},
  number={5-6},
  pages={298--301},
  year={2003},
  publisher={Wiley Online Library}
}

@article{chi2005optimal,
  title={On the optimal Halton sequence},
  author={Chi, Hongmei and Mascagni, Michael and Warnock, T},
  journal={Mathematics and computers in simulation},
  volume={70},
  number={1},
  pages={9--21},
  year={2005},
  publisher={Elsevier}
}

@inproceedings{hess2003alternative,
  title={An alternative method to the scrambled Halton sequence for removing correlation between standard Halton sequences in high dimensions},
  author={Hess, Stephane and Polak, John and others},
  booktitle={ERSA conference papers},
  number={ersa03p406},
  year={2003},
  organization={European Regional Science Association}
}

@incollection{hunenberger2005thermostat,
  title={Thermostat algorithms for molecular dynamics simulations},
  author={H{\"u}nenberger, Philippe H},
  booktitle={Advanced computer simulation},
  pages={105--149},
  year={2005},
  publisher={Springer}
}