@article{ide2003dot,
  title={Dot pattern generation technique using molecular dynamics},
  author={Id{\'e}, Tsuyoshi and Suzuki, M and Noguchi, M and Mizuta, H and Numata, H and Katsu, Y and Taira, Y},
  journal={JOSA A},
  volume={20},
  number={2},
  pages={248--255},
  year={2003},
  publisher={Optical Society of America}
}


@article{ninomiya1996toward,
  title={Toward real-time pricing of complex financial derivatives},
  author={Ninomiya, Syoiti and Tezuka, Shu},
  journal={Applied Mathematical Finance},
  volume={3},
  number={1},
  pages={1--20},
  year={1996},
  publisher={Taylor \& Francis}
}


@article{morokoff1994quasi,
  title={Quasi-random sequences and their discrepancies},
  author={Morokoff, William J and Caflisch, Russel E},
  journal={SIAM Journal on Scientific Computing},
  volume={15},
  number={6},
  pages={1251--1279},
  year={1994},
  publisher={SIAM}
}


@article{niederreiter1988low,
  title={Low-discrepancy and low-dispersion sequences},
  author={Niederreiter, Harald},
  journal={Journal of number theory},
  volume={30},
  number={1},
  pages={51--70},
  year={1988},
  publisher={Elsevier}
}


@article{niederreiter1987point,
  title={Point sets and sequences with small discrepancy},
  author={Niederreiter, Harald},
  journal={Monatshefte f{\"u}r Mathematik},
  volume={104},
  number={4},
  pages={273--337},
  year={1987},
  publisher={Springer}
}


@inproceedings{dalal2008low,
  title={Low discrepancy sequences for Monte Carlo simulations on reconfigurable platforms},
  author={Dalal, Ishaan L and Stefan, Deian and Harwayne-Gidansky, Jared},
  booktitle={Application-Specific Systems, Architectures and Processors, 2008. ASAP 2008. International Conference on},
  pages={108--113},
  year={2008},
  organization={IEEE}
}


@article{gericke2003disorder,
  title={Disorder-induced heating of ultracold plasmas},
  author={Gericke, DO and Murillo, MS},
  journal={Contributions to Plasma Physics},
  volume={43},
  number={5-6},
  pages={298--301},
  year={2003},
  publisher={Wiley Online Library}
}

@article{halton1960efficiency,
  title={On the efficiency of certain quasi-random sequences of points in evaluating multi-dimensional integrals},
  author={Halton, John H},
  journal={Numerische Mathematik},
  volume={2},
  number={1},
  pages={84--90},
  year={1960},
  publisher={Springer}
}

@misc{soboldistribution,
  title={The distribution of points in a cube and the approximate evaluation of integrals, Zh. Vychisl. Mat. i Mat. Fiz. 7 (1967), 784--802},
  author={Sobol, IM},
  publisher={Russian}
}

@article{faure1982discrepance,
  title={Discr{\'e}pance de suites associ{\'e}es {\`a} un syst{\`e}me de num{\'e}ration (en dimension s)},
  author={Faure, Henri},
  journal={Acta Arithmetica},
  volume={4},
  number={41},
  pages={337--351},
  year={1982}
}

@article{mascagni2004scrambled,
  title={On the scrambled halton sequence},
  author={Mascagni, Michael and Chi, Hongmei},
  journal={Monte Carlo Methods and Applications mcma},
  volume={10},
  number={3-4},
  pages={435--442},
  year={2004}
}

@article{fermi1955studies,
  title={Studies of nonlinear problems},
  author={Fermi, Enrico and Pasta, J and Ulam, S},
  journal={Los Alamos Report LA-1940},
  pages={978},
  year={1955}
}

@article{verlet1967computer,
  title={Computer ``experiments'' on classical fluids. I. Thermodynamical properties of Lennard-Jones molecules},
  author={Verlet, Loup},
  journal={Physical review},
  volume={159},
  number={1},
  pages={98},
  year={1967},
  publisher={APS}
}

@article{tuckerman2000understanding,
  title={Understanding modern molecular dynamics: techniques and applications},
  author={Tuckerman, Mark E and Martyna, Glenn J},
  journal={The Journal of Physical Chemistry B},
  volume={104},
  number={2},
  pages={159--178},
  year={2000},
  publisher={ACS Publications}
}