@article{weinan2007heterogeneous,
  title={Heterogeneous multiscale methods: a review},
  author={Weinan, E and Engquist, Bjorn and Li, Xiantao and Ren, Weiqing and Vanden-Eijnden, Eric},
  journal={Commun. Comput. Phys},
  volume={2},
  number={3},
  pages={367--450},
  year={2007}
}

@book{weinan2011principles,
  title={Principles of multiscale modeling},
  author={Weinan, E},
  year={2011},
  publisher={Cambridge University Press}
}

@book{sturrock1994plasma,
  title={Plasma Physics: An Introduction to the Theory of Astrophysical, Geophysical and Laboratory Plasmas},
  author={Sturrock, Peter Andrew},
  year={1994},
  publisher={Cambridge University Press}
}

@book{shukla2001introduction,
  title={Introduction to dusty plasma physics},
  author={Shukla, Padma K and Mamun, AA},
  year={2001},
  publisher={CRC Press}
}

@article{o1995molecular,
  title={Molecular dynamics--continuum hybrid computations: a tool for studying complex fluid flows},
  author={OÕConnell, Sean T and Thompson, Peter A},
  journal={Physical Review E},
  volume={52},
  number={6},
  pages={R5792},
  year={1995},
  publisher={APS}
}

@article{franklin2000boltzmann,
  title={The Boltzmann relation in electronegative plasmas: When is it permissible to use it?},
  author={Franklin, RN and Snell, J},
  journal={Journal of Plasma Physics},
  volume={64},
  number={02},
  pages={131--153},
  year={2000},
  publisher={Cambridge Univ Press}
}

@incollection{hunenberger2005thermostat,
  title={Thermostat algorithms for molecular dynamics simulations},
  author={H{\"u}nenberger, Philippe H},
  booktitle={Advanced computer simulation},
  pages={105--149},
  year={2005},
  publisher={Springer}
}

@book{klimontovich1983kinetic,
  title={The kinetic theory of electromagnetic processes},
  author={Klimontovich, U. L. and Dobroslavsky, A},
  volume={10},
  year={1983},
  publisher={Springer-Verlag Berlin}
}

@article{kubo1966fluctuation,
  title={The fluctuation-dissipation theorem},
  author={Kubo, Rep},
  journal={Reports on progress in physics},
  volume={29},
  number={1},
  pages={255},
  year={1966},
  publisher={IOP Publishing}
}

@article{ren2005heterogeneous,
  title={Heterogeneous multiscale method for the modeling of complex fluids and micro-fluidics},
  author={Ren, Weiqing and Weinan, E},
  journal={Journal of Computational Physics},
  volume={204},
  number={1},
  pages={1--26},
  year={2005},
  publisher={Elsevier}
}

@article{hadjiconstantinou1997heterogeneous,
  title={Heterogeneous atomistic-continuum representations for dense fluid systems},
  author={Hadjiconstantinou, Nicolas G and Patera, Anthony T},
  journal={International Journal of Modern Physics C},
  volume={8},
  number={04},
  pages={967--976},
  year={1997},
  publisher={World Scientific}
}

@article{flekkoy2000hybrid,
  title={Hybrid model for combined particle and continuum dynamics},
  author={Flekk{\o}y, EG and Wagner, G and Feder, J},
  journal={EPL (Europhysics Letters)},
  volume={52},
  number={3},
  pages={271},
  year={2000},
  publisher={IOP Publishing}
}

@article{nie2004continuum,
  title={A continuum and molecular dynamics hybrid method for micro-and nano-fluid flow},
  author={Nie, XB and Chen, SY and Robbins, MO and others},
  journal={Journal of Fluid Mechanics},
  volume={500},
  pages={55--64},
  year={2004},
  publisher={Cambridge Univ Press}
}

@article{li1999nearly,
  title={Nearly exact solution for coupled continuum/MD fluid simulation},
  author={Li, Ju and Liao, Dongyi and Yip, Sidney},
  journal={Journal of Computer-Aided Materials Design},
  volume={6},
  number={2-3},
  pages={95--102},
  year={1999},
  publisher={Springer}
}

@book{struchtrup2005macroscopic,
  title={Macroscopic transport equations for rarefied gas flows},
  author={Struchtrup, Henning},
  year={2005},
  publisher={Springer}
}